%% This BibTeX bibliography file was created using BibDesk.
%% http://bibdesk.sourceforge.net/

%% Created for Ivan Soenario at 2016-03-31 10:56:01 +0200 


%% Saved with string encoding Unicode (UTF-8) 
@article{lu2019activity,
  title={Activity-based air pollution exposure assessment: Differences between homemakers and cycling commuters},
  author={Lu, Meng and Schmitz, Oliver and Vaartjes, Ilonca and Karssenberg, Derek},
  journal={Health \& place},
  volume={60},
  pages={102233},
  year={2019},
  publisher={Elsevier}
}
@article{lideman1980introduction,
  title={Introduction to bivariate and multivariate analysis scott},
  author={Lideman, R and Merenda, P and Gold, R},
  journal={Scott Foresman: Glenview, IL, USA},
  year={1980}
}
@article{beelen2008long,
  title={Long-term effects of traffic-related air pollution on mortality in a Dutch cohort ({NLCS-AIR} study)},
  author={Beelen, Rob and Hoek, Gerard and van Den Brandt, Piet A and Goldbohm, R Alexandra and Fischer, Paul and Schouten, Leo J and Jerrett, Michael and Hughes, Edward and Armstrong, Ben and Brunekreef, Bert},
  journal={Environmental health perspectives},
  volume={116},
  number={2},
  pages={196},
  year={2008},
  publisher={National Institute of Environmental Health Science}
}
@article{gromping2006relative,
  title={Relative importance for linear regression in R: the package relaimpo},
  author={Gr{\"o}mping, Ulrike and others},
  journal={Journal of statistical software},
  volume={17},
  number={1},
  pages={1--27},
  year={2006}
}	
@article{Beelen2009,
	Author = {Rob Beelen and Gerard Hoek and Edzer Pebesma and Danielle Vienneau and Kees de Hoogh and David J. Briggs},
	Journal = {Science of the Total Environment},
	Pages = {1852-1867},
	Title = {Mapping of background air pollution at a fine spatial scale across the European Union},
	Volume = {407},
	Year = {2009}}

@article{Beelen201310,
	Author = {Rob Beelen and Gerard Hoek and Danielle Vienneau and Marloes Eeftens and Konstantina Dimakopoulou and Xanthi Pedeli and Ming-Yi Tsai and Nino K{\"u}nzli and Tamara Schikowski and Alessandro Marcon and Kirsten T. Eriksen and Ole Raaschou-Nielsen and Euripides Stephanou and Evridiki Patelarou and Timo Lanki and Tarja Yli-Tuomi and Christophe Declercq and Gr{\'e}goire Falq and Morgane Stempfelet and Matthias Birk and Josef Cyrys and Stephanie von Klot and Gizella N{\'a}dor and Mih{\'a}ly J{\'a}nos Varr{\'o} and Audrius D{\.e}del{\.e} and Regina Gra{\v z}ulevi{\v c}ien{\.e} and Anna M{\"o}lter and Sarah Lindley and Christian Madsen and Giulia Cesaroni and Andrea Ranzi and Chiara Badaloni and Barbara Hoffmann and Michael Nonnemacher and Ursula Kr{\"a}mer and Thomas Kuhlbusch and Marta Cirach and Audrey de Nazelle and Mark Nieuwenhuijsen and Tom Bellander and Michal Korek and David Olsson and Magnus Str{\"o}mgren and Evi Dons and Michael Jerrett and Paul Fischer and Meng Wang and Bert Brunekreef and Kees de{ }Hoogh},
	Date-Added = {2016-02-03 13:55:46 +0000},
	Date-Modified = {2016-02-03 13:55:46 +0000},
	Doi = {http://dx.doi.org/10.1016/j.atmosenv.2013.02.037},
	Issn = {1352-2310},
	Journal = {Atmospheric Environment},
	Keywords = {Land Use Regression (LUR) model},
	Pages = {10 - 23},
	Title = {Development of {NO}$_{2}$ and {NO}$_{x}$ land use regression models for estimating air pollution exposure in 36 study areas in Europe - The {ESCAPE} project},
	Url = {http://www.sciencedirect.com/science/article/pii/S1352231013001386},
	Volume = {72},
	Year = {2013},
	Bdsk-Url-1 = {http://www.sciencedirect.com/science/article/pii/S1352231013001386},
	Bdsk-Url-2 = {http://dx.doi.org/10.1016/j.atmosenv.2013.02.037}
	}

@article{bertazzon2015accounting,
  title={Accounting for spatial effects in land use regression for urban air pollution modeling},
  author={Bertazzon, Stefania and Johnson, Markey and Eccles, Kristin and Kaplan, Gilaad G},
  journal={Spatial and spatio-temporal epidemiology},
  volume={14},
  pages={9--21},
  year={2015},
  publisher={Elsevier}
}
	
@book{Bivand2013,
	Author = {Roger S. Bivand and Edzer Pebesma and Virgilio G{\'o}mez-Rubio},
	Edition = {Second edition},
	Isbn = {978-1-4614-7617-7},
	Publisher = {Springer},
	Title = {Applied spatial data analysis with R},
	Year = {2013}}

@article{Brauer2012,
	Author = {Michael Brauer and Markus Amann and Rick T. Burnett and Aaron Cohen and Frank Dentener and Majid Ezzati and Sarah B. Henderson and Michal Krzyzanowski and Randall V. Martin and Rita Van Dingenen and Aaron van Donkelaar and George D. Thurston},
	Doi = {10.1021/es2025752},
	Eprint = {http://dx.doi.org/10.1021/es2025752},
	Journal = {Environmental Science \& Technology},
	Note = {PMID: 22148428},
	Number = {2},
	Pages = {652-660},
	Title = {Exposure Assessment for Estimation of the Global Burden of Disease Attributable to Outdoor Air Pollution},
	Url = {http://dx.doi.org/10.1021/es2025752},
	Volume = {46},
	Year = {2012},
	Bdsk-Url-1 = {http://dx.doi.org/10.1021/es2025752}}

@article{Brauer2016,
	Author = {Michael Brauer and Greg Freedman and Joseph Frostad and Aaron van Donkelaar and Randall V. Martin and Frank Dentener and Rita van Dingenen and Kara Estep and Heresh Amini and Joshua S. Apte and Kalpana Balakrishnan and Lars Barregard and David Broday and Valery Feigin and Santu Ghosh and Philip K. Hopke and Luke D. Knibbs and Yoshihiro Kokubo and Yang Liu and Stefan Ma and Lidia Morawska and Jos{\'e} Luis Texcalac Sangrador and Gavin Shaddick and H. Ross Anderson and Theo Vos and Mohammad H. Forouzanfar and Richard T. Burnett and Aaron Cohen},
	Doi = {10.1021/acs.est.5b03709},
	Eprint = {http://dx.doi.org/10.1021/acs.est.5b03709},
	Journal = {Environmental Science \& Technology},
	Note = {PMID: 26595236},
	Number = {1},
	Pages = {79-88},
	Title = {Ambient Air Pollution Exposure Estimation for the Global Burden of Disease 2013},
	Url = {http://dx.doi.org/10.1021/acs.est.5b03709},
	Volume = {50},
	Year = {2016},
	Bdsk-Url-1 = {http://dx.doi.org/10.1021/acs.est.5b03709}}

@article{Brauer2003,
	Author = {Michael Brauer and Gerard Hoek and Patricia van Vliet and Kees Meliefste and Paul Fischer and Ulrike Gehring and Joachim Heinrich and Josef Cyrys and Tom Bellander and Marie Lewne and Bert Brunekreef},
	Journal = {Epidemiology},
	Month = {March},
	Number = {2},
	Owner = {Ivan},
	Pages = {228-239},
	Timestamp = {2016.03.03},
	Title = {Estimating Long-Term average particulate air pollution concentration : application of traffic indicators and geographic Information systems},
	Volume = {14},
	Year = {2003}}

@article{briggs2000regression,
  title={A regression-based method for mapping traffic-related air pollution: application and testing in four contrasting urban environments},
  author={Briggs, David J and de Hoogh, Cornelis and Gulliver, John and Wills, John and Elliott, Paul and Kingham, Simon and Smallbone, Kirsty},
  journal={Science of the Total Environment},
  volume={253},
  number={1-3},
  pages={151--167},
  year={2000},
  publisher={Elsevier}
}


@book{Burrough:1998aa,
	Author = {P. A. Burrough and R.A. McDonnell},
	Date-Added = {2016-02-16 12:41:59 +0000},
	Date-Modified = {2016-02-16 13:05:15 +0000},
	Owner = {Ivan},
	Publisher = {Oxford University Press},
	Title = {Principles of Geographical Information Systems},
	Year = {1998}}

@article{cohen2009approach,
  title={Approach to estimating participant pollutant exposures in the Multi-Ethnic Study of Atherosclerosis and Air Pollution (MESA Air)},
  author={Cohen, Martin A and Adar, Sara D and Allen, Ryan W and Avol, Edward and Curl, Cynthia L and Gould, Timothy and Hardie, David and Ho, Anne and Kinney, Patrick and Larson, Timothy V and others},
  journal={Environmental science \& technology},
  volume={43},
  number={13},
  pages={4687--4693},
  year={2009},
  publisher={ACS Publications}
}

@article{CORDIOLI20171075,
title = "Combining land use regression models and fixed site monitoring to reconstruct spatiotemporal variability of NO2 concentrations over a wide geographical area",
journal = "Science of The Total Environment",
volume = "574",
pages = "1075 - 1084",
year = "2017",
issn = "0048-9697",
doi = "https://doi.org/10.1016/j.scitotenv.2016.09.089",
url = "http://www.sciencedirect.com/science/article/pii/S0048969716320083",
author = "M. Cordioli and C. Pironi and E. De Munari and N. Marmiroli and P. Lauriola and A. Ranzi",
keywords = "Land use regression model, Exposure assessment, Spatiotemporal model, GIS, Air pollution"
}


@article{cyrys2012variation,
  title={Variation of NO 2 and NO x concentrations between and within 36 European study areas: results from the ESCAPE study},
  author={Cyrys, Josef and Eeftens, Marloes and Heinrich, Joachim and Ampe, Christophe and Armengaud, Alexandre and Beelen, Rob and Bellander, Tom and Beregszaszi, Timea and Birk, Matthias and Cesaroni, Giulia and others},
  journal={Atmospheric Environment},
  volume={62},
  pages={374--390},
  year={2012},
  publisher={Elsevier}
}

@article{deHoogh2016development,
  title={Development of West-European PM2. 5 and NO2 land use regression models incorporating satellite-derived and chemical transport modelling data},
  author={de Hoogh, Kees and Gulliver, John and van Donkelaar, Aaron and Martin, Randall V and Marshall, Julian D and Bechle, Matthew J and Cesaroni, Giulia and Pradas, Marta Cirach and Dedele, Audrius and Eeftens, Marloes and others},
  journal={Environmental research},
  volume={151},
  pages={1--10},
  year={2016},
  publisher={Elsevier}
}

@book{Davis:2002aa,
	Author = {John C. Davis},
	Date-Added = {2016-02-04 15:58:50 +0000},
	Date-Modified = {2016-02-04 15:59:47 +0000},
	Isbn = {0471172758},
	Publisher = {Wiley},
	Title = {Statistics and Data Analysis in Geology},
	Year = {2002}}

@article{Di2016390,
	Author = {Qian Di and Petros Koutrakis and Joel Schwartz},
	Doi = {http://dx.doi.org/10.1016/j.atmosenv.2016.02.002},
	Issn = {1352-2310},
	Journal = {Atmospheric Environment},
	Keywords = {PM2.5},
	Pages = {390 - 399},
	Title = {A hybrid prediction model for {PM}$_{2.5}$ mass and components using a chemical transport model and land use regression},
	Url = {http://www.sciencedirect.com/science/article/pii/S1352231016300978},
	Volume = {131},
	Year = {2016},
	Bdsk-Url-1 = {http://www.sciencedirect.com/science/article/pii/S1352231016300978},
	Bdsk-Url-2 = {http://dx.doi.org/10.1016/j.atmosenv.2016.02.002}}

@article{Donkelaar2015,
	Author = {Aaron van Donkelaar and Randall V. Martin and Michael Brauer and Brian L. Boys},
	Journal = {Environmental Health Perspectives},
	Month = {Februari},
	Number = {2},
	Owner = {Ivan},
	Pages = {135-142},
	Timestamp = {2016.03.03},
	Title = {Use of Satellite observations for long term exposure assessment of global concentrations of fine particulate matter},
	Volume = {123},
	Year = {2015}}

@article{dons2013modeling,
  title={Modeling temporal and spatial variability of traffic-related air pollution: Hourly land use regression models for black carbon},
  author={Dons, Evi and Van Poppel, Martine and Kochan, Bruno and Wets, Geert and Panis, Luc Int},
  journal={Atmospheric environment},
  volume={74},
  pages={237--246},
  year={2013},
  publisher={Elsevier}
}
@article{BONIARDI2019108520,
title = "Annual, seasonal, and morning rush hour Land Use Regression models for black carbon in a school catchment area of Milan, Italy",
journal = "Environmental Research",
volume = "176",
pages = "108520",
year = "2019",
issn = "0013-9351",
doi = "https://doi.org/10.1016/j.envres.2019.06.001",
url = "http://www.sciencedirect.com/science/article/pii/S0013935119303093",
author = "L. Boniardi and E. Dons and L. Campo and M. Van Poppel and L. Int Panis and S. Fustinoni"
}	
@article{Eeftens2012,
	Author = {Marloes Eeftens and Rob Beelen and Kees de Hoogh and Tom Bellander and Giulia Cesaroni and Marta Cirach and Christophe Declercq and Audrius D{\.e}del{\.e} and Evi Dons and Audrey de Nazelle and Konstantina Dimakopoulou and Kirsten Eriksen and Gr{\'e}goire Falq and Paul Fischer and Claudia Galassi and Regina Gra{\v z}ulevi{\v c}ien{\.e} and Joachim Heinrich and Barbara Hoffmann and Michael Jerrett and Dirk Keidel and Michal Korek and Timo Lanki and Sarah Lindley and Christian Madsen and Anna M{\"o}lter and Gizella N{\'a}dor and Mark Nieuwenhuijsen and Michael Nonnemacher and Xanthi Pedeli and Ole Raaschou-Nielsen and Evridiki Patelarou and Ulrich Quass and Andrea Ranzi and Christian Schindler and Morgane Stempfelet and Euripides Stephanou and Dorothea Sugiri and Ming-Yi Tsai and Tarja Yli-Tuomi and Mih{\'a}ly J{\'a}nos Varr{\'o} and Danielle Vienneau and Stephanie von Klot and Kathrin Wolf and Bert Brunekreef and Gerard Hoek},
	Doi = {10.1021/es301948k},
	Eprint = {http://dx.doi.org/10.1021/es301948k},
	Journal = {Environmental Science \& Technology},
	Note = {PMID: 22963366},
	Number = {20},
	Pages = {11195-11205},
	Title = {Development of Land Use Regression Models for {PM}$_{2.5}$, {PM}$_{2.5}$ Absorbance, {PM}$_{10}$ and {PM}$_{coarse}$ in 20 European Study Areas; Results of the ESCAPE Project},
	Url = {http://dx.doi.org/10.1021/es301948k},
	Volume = {46},
	Year = {2012},
	Bdsk-Url-1 = {http://dx.doi.org/10.1021/es301948k}}

@article{fischer2015air,
  title={Air pollution and mortality in seven million adults: the Dutch Environmental Longitudinal Study (DUELS)},
  author={Fischer, Paul H and Marra, Marten and Ameling, Caroline B and Hoek, Gerard and Beelen, Rob and de Hoogh, Kees and Breugelmans, Oscar and Kruize, Hanneke and Janssen, Nicole AH and Houthuijs, Danny},
  journal={Environmental health perspectives},
  volume={123},
  number={7},
  pages={697},
  year={2015},
  publisher={National Institute of Environmental Health Science}
}


@Misc{gdalUrl,
  author       = {{GDAL Development Team}},
  title        = {{GDAL - Geospatial Data Abstraction Library}},
  year         = {2018},
  note         = {Accessed 1 May 2018},
  keywords     = {GDAL, Raster},
  organization = {Open Source Geospatial Foundation},
  url          = {http://www.gdal.org/},
}


@Article{glmnet,
    title = {Regularization Paths for Generalized Linear Models via
      Coordinate Descent},
    author = {Jerome Friedman and Trevor Hastie and Robert Tibshirani},
    journal = {Journal of Statistical Software},
    year = {2010},
    volume = {33},
    number = {1},
    pages = {1--22},
    url = {http://www.jstatsoft.org/v33/i01/},
}
@article{gerharz2013spatio,
  title={Spatio-temporal modelling of individual exposure to air pollution and its uncertainty},
  author={Gerharz, Lydia E and Klemm, Otto and Broich, Anna V and Pebesma, Edzer},
  journal={Atmospheric environment},
  volume={64},
  pages={56--65},
  year={2013},
  publisher={Elsevier}
}

@article{grant2015selecting,
  title={Selecting spatial scale of covariates in regression models of environmental exposures},
  author={Grant, Lauren P and Gennings, Chris and Wheeler, David C},
  journal={Cancer informatics},
  volume={14},
  number={Suppl 2},
  pages={81},
  year={2015},
  publisher={Libertas Academica}
}

@article{Hoek2008,
	Author = {Gerard Hoek and Rob Beelen and Kees de Hoogh and Danielle Vienneau and John Gulliver and Paul Fischer and David Briggs},
	Doi = {doi:10.1016/j.atmosenv.2008.05.057},
	Journal = {Atmospheric Environment},
	Owner = {Ivan},
	Pages = {7561-7578},
	Timestamp = {2016.03.03},
	Title = {A review of land-use regression models to assess spatial variation of outdoor air pollution},
	Year = {2008},
	Bdsk-Url-1 = {http://dx.doi.org/10.1016/j.atmosenv.2008.05.057}}

@article{hoek2013long,
  title={Long-term air pollution exposure and cardio-respiratory mortality: a review},
  author={Hoek, Gerard and Krishnan, Ranjini M and Beelen, Rob and Peters, Annette and Ostro, Bart and Brunekreef, Bert and Kaufman, Joel D},
  journal={Environmental Health},
  volume={12},
  number={1},
  pages={43},
  year={2013},
  publisher={BioMed Central}
}

	
@article{Hoek2015,
	Author = {Gerard Hoek and Marloes Eeftens and Rob Beelen and Paul Fischer and Bert Brunekreef and K. Folkert Boersma and Pepijn Veefkind},
	Journal = {Atmosphic Environment},
	Owner = {Ivan},
	Pages = {173-180},
	Timestamp = {2016.03.03},
	Title = {Satellite {NO}$_{2}$ data improve national land use regression models for ambient {NO}$_{2}$ in a small densely populated country},
	Volume = {105},
	Year = {2015}}


@book{James2013introduction,
  title={An introduction to statistical learning},
  author={James, Gareth and Witten, Daniela and Hastie, Trevor and Tibshirani, Robert},
  volume={112},
  year={2013},
  publisher={Springer}
}

@article{janssen2008spatial,
	Author = {Janssen, Stijn and Dumont, Gerwin and Fierens, Frans and Mensink, Clemens},
	Date-Added = {2016-03-31 08:55:39 +0000},
	Date-Modified = {2016-03-31 08:55:39 +0000},
	Journal = {Atmospheric Environment},
	Number = {20},
	Pages = {4884--4903},
	Publisher = {Elsevier},
	Title = {Spatial interpolation of air pollution measurements using CORINE land cover data},
	Volume = {42},
	Year = {2008}}

	
@Article{Karssenberg2010,
  author     = {Karssenberg, Derek and Schmitz, Oliver and Salamon, Peter and de Jong, Kor and Bierkens, Marc F. P.},
  title      = {{A software framework for construction of process-based stochastic spatio-temporal models and data assimilation}},
  journal    = {Environmental Modelling \& Software},
  year       = {2010},
  volume     = {25},
  number     = {4},
  pages      = {489--502},
  doi        = {10.1016/j.envsoft.2009.10.004},
  hide_issn  = {1364-8152},
  hide_month = {#apr#},
}
	
@article{von2011equivalence,
  title={Equivalence of using nested buffers and concentric adjacent rings as predictors in land use regression models},
  author={von Klot, Stephanie},
  journal={Atmospheric environment},
  volume={45},
  number={24},
  pages={4108--4110},
  year={2011},
  publisher={Elsevier}
}

@article{knibbs2014national,
  title={A national satellite-based land-use regression model for air pollution exposure assessment in Australia},
  author={Knibbs, Luke D and Hewson, Michael G and Bechle, Matthew J and Marshall, Julian D and Barnett, Adrian G},
  journal={Environmental research},
  volume={135},
  pages={204--211},
  year={2014},
  publisher={Elsevier}
}
@article{son2018land,
  title={Land use regression models to assess air pollution exposure in Mexico City using finer spatial and temporal input parameters},
  author={Son, Yeongkwon and Osornio-Vargas, {\'A}lvaro R and O'Neill, Marie S and Hystad, Perry and Texcalac-Sangrador, Jos{\'e} L and Ohman-Strickland, Pamela and Meng, Qingyu and Schwander, Stephan},
  journal={Science of The Total Environment},
  volume={639},
  pages={40--48},
  year={2018},
  publisher={Elsevier}
}
@article{LeeKoutrakis2014,
	Author = {Hyung Joo Lee and Petros Koutrakis},
	Doi = {10.1021/es404845f},
	Eprint = {http://dx.doi.org/10.1021/es404845f},
	Journal = {Environmental Science \& Technology},
	Note = {PMID: 24437539},
	Number = {4},
	Pages = {2305-2311},
	Title = {Daily ambient {NO}$_{2}$ concentration predictions using satellite ozone monitoring instrument {NO}$_{2}$ data and land use regression},
	Url = {http://dx.doi.org/10.1021/es404845f},
	Volume = {48},
	Year = {2014},
	Bdsk-Url-1 = {http://dx.doi.org/10.1021/es404845f}}

@article{malmqvist2014assessing,
  title={Assessing ozone exposure for epidemiological studies in Malm{\"o} and Ume{\aa}, Sweden},
  author={Malmqvist, Ebba and Olsson, David and Hagenbj{\"o}rk-Gustafsson, Annika and Forsberg, Bertil and Mattisson, Kristoffer and Stroh, Emilie and Str{\"o}mgren, Magnus and Swietlicki, Erik and Rylander, Lars and Hoek, G and others},
  journal={Atmospheric environment},
  volume={94},
  pages={241--248},
  year={2014},
  publisher={Elsevier}
}
	
	
@article{Michanowicz2016,
	Author = {Drew R. Michanowicz and Jessie L.C. Shmool and Brett J. Tunno and Sheila Tripathy and Sara Gillooly and Ellen Kinnee and Jane R. Cloughterty},
	Doi = {dx.doi.org/10.1016/j.atmosenv.2016.01.045},
	Journal = {Atmospheric Environment},
	Number = {131},
	Owner = {Ivan},
	Pages = {307-315},
	Timestamp = {2016.03.09},
	Title = {A hybrid land use regression/{AERMOD} model for predicting intra-urban variation in {PM}$_{2.5}$},
	Year = {2016},
	Bdsk-Url-1 = {http://dx.doi.org/10.1016/j.atmosenv.2016.01.045}}

@article{Nordio2013,
	Author = {Francesco Nordio and Itai Kloog and Brent A. Coull and Alexandra Chudnovsky and Paolo Grillo and Pier Alberto Bertazzi and Andrea A. Baccarelli and Joel Schwarz},
	Journal = {Atmospheric Environment},
	Owner = {Ivan},
	Pages = {227-236},
	Timestamp = {2016.03.03},
	Title = {Estimating spatio-temporal resolved {PM}$_{10}$ areosol mass concentrations using MODIS satellite data and land use regression over Lombardy, Italy},
	Url = {http://dx.doi.org/10.1016/j.atmosenv.2013.03.043},
	Volume = {74},
	Year = {2013},
	Bdsk-Url-1 = {http://dx.doi.org/10.1016/j.atmosenv.2013.03.043}}

	@article{rahman2017development,
  title={Development of a land use regression model for daily {NO}$_{2}$ and {NO}$_{x}$ concentrations in the Brisbane metropolitan area, Australia},
  author={Rahman, Md Mahmudur and Yeganeh, Bijan and Clifford, Sam and Knibbs, Luke D and Morawska, Lidia},
  journal={Environmental Modelling \& Software},
  volume={95},
  pages={168--179},
  year={2017},
  publisher={Elsevier}
}

@Manual{Rcoreteam,
     title = {R: A Language and Environment for Statistical Computing},
     author = {{R Core Team}},
     organization = {R Foundation for Statistical Computing},
     address = {Vienna, Austria},
     year = {2017},
     url = {https://www.R-project.org/},
}

@Manual{WHO,
     title = {Air Pollution},
     author = {{WHO}},
     organization = {WHO},
      note = {Accessed Feb 25, 2019},
     year = {2019},
     url = {https://www.who.int/airpollution/en/},
}

@Misc{RIVMLML,
howpublished = {\url{https://www.luchtmeetnet.nl/}},
note = {Accessed July 1, 2017},
title = {Air Quality Monitoring Network},
year = 2017,
author = {{National Institute for Public Health and the Environment}}
}

@Misc{dispersion,
howpublished = {\url{https://www.epa.gov/scram/air-quality-dispersion-modeling-preferred-and-recommended-models}},
note = {Accessed Feb. 18, 2019},
title = {Air Quality Dispersion Modeling - Preferred and Recommended Models},
year = 2019,
author = {{EPA}}
}
@article{DEHOOGH2014382,
title = "Comparing land use regression and dispersion modelling to assess residential exposure to ambient air pollution for epidemiological studies",
journal = "Environment International",
volume = "73",
pages = "382 - 392",
year = "2014",
issn = "0160-4120",
doi = "https://doi.org/10.1016/j.envint.2014.08.011",
url = "http://www.sciencedirect.com/science/article/pii/S0160412014002591",
author = "Kees de Hoogh and Michal Korek and Danielle Vienneau and Menno Keuken and Jaakko Kukkonen and Mark J. Nieuwenhuijsen and Chiara Badaloni and Rob Beelen and Andrea Bolignano and Giulia Cesaroni and Marta Cirach Pradas and Josef Cyrys and John Douros and Marloes Eeftens and Francesco Forastiere and Bertil Forsberg and Kateryna Fuks and Ulrike Gehring and Alexandros Gryparis and John Gulliver and Anna L Hansell and Barbara Hoffmann and Christer Johansson and Sander Jonkers and Leena Kangas and Klea Katsouyanni and Nino Künzli and Timo Lanki and Michael Memmesheimer and Nicolas Moussiopoulos and Lars Modig and Göran Pershagen and Nicole Probst-Hensch and Christian Schindler and Tamara Schikowski and Dorothee Sugiri and Oriol Teixidó and Ming-Yi Tsai and Tarja Yli-Tuomi and Bert Brunekreef and Gerard Hoek and Tom Bellander",
 
}

@article{schmitz2019,
title="{High resolution annual average air pollution concentration maps for the Netherlands.}",
author={O. Schmitz and R. Beelen and M. Strak and G. Hoek and I. Soenario and B. Brunekreef and I. Vaartjes and M. J. Dijst and D. E. Grobbee and D. Karssenberg.},
journal={Scientific Data},
year={2019},
  volume = "6",
  pages = "190035",
  doi = "10.1038/sdata.2019.35"
}

@article{su2009distance,
  title={A distance-decay variable selection strategy for land use regression modeling of ambient air pollution exposures},
  author={Su, JG and Jerrett, M and Beckerman, B},
  journal={Science of the total environment},
  volume={407},
  number={12},
  pages={3890--3898},
  year={2009},
  publisher={Elsevier}
}
	
@article{Vienneau2013,
	Author = {Danielle Vienneau and Kees de Hoogh and Matthew J. Bechle and Rob Beelen and Arron van Donkelaar and Randall V. Martin and Dylan B. Millet and Gerard Hoek and Julian D. Marshall},
	Journal = {Environmental Science \& Technology},
	Number = {47},
	Pages = {13555-13564},
	Title = {Western European land use regression incorporating satellite- and ground-based measurements of {NO}$_2$ and {PM}$_{10}$},
	Year = {2013}}

@article{park2017individual,
  title={Individual exposure estimates may be erroneous when spatiotemporal variability of air pollution and human mobility are ignored},
  author={Park, Yoo Min and Kwan, Mei-Po},
  journal={Health \& place},
  volume={43},
  pages={85--94},
  year={2017},
  publisher={Elsevier}
}
@article{hagenbjork2017spatial,
  title={The spatial variation of O 3, NO, NO 2 and NO x and the relation between them in two Swedish cities},
  author={Hagenbj{\"o}rk, Annika and Malmqvist, E and Mattisson, K and Sommar, Nilsson J and Modig, Lars},
  journal={Environmental monitoring and assessment},
  volume={189},
  number={4},
  pages={161},
  year={2017},
  publisher={Springer}
}
@article{han2011analysis,
  title={Analysis of the Relationship between O3, NO and NO2 in Tianjin, China},
  author={Han, Suqin and Bian, Hai and Feng, Yinchang and Liu, Aixia and Li, Xiangjin and Zeng, Fang and Zhang, Xiaoling},
  journal={Aerosol Air Qual. Res},
  volume={11},
  number={2},
  pages={128--139},
  year={2011}
}
@article{gurram2015impacts,
  title={Impacts of travel activity and urbanicity on exposures to ambient oxides of nitrogen and on exposure disparities},
  author={Gurram, Sashikanth and Stuart, Amy Lynette and Pinjari, Abdul Rawoof},
  journal={Air Quality, Atmosphere \& Health},
  volume={8},
  number={1},
  pages={97--114},
  year={2015},
  publisher={Springer}
}

@article{baxter2013exposure,
  title={Exposure prediction approaches used in air pollution epidemiology studies: key findings and future recommendations},
  author={Baxter, Lisa K and Dionisio, Kathie L and Burke, Janet and Sarnat, Stefanie Ebelt and Sarnat, Jeremy A and Hodas, Natasha and Rich, David Q and Turpin, Barbara J and Jones, Rena R and Mannshardt, Elizabeth and others},
  journal={Journal of Exposure Science and Environmental Epidemiology},
  volume={23},
  number={6},
  pages={654},
  year={2013},
  publisher={Nature Publishing Group}
}
@misc{ pblUrl,
   year = "2018",
   url = "http://www.pbl.nl/en/",
   author = "PBL",
   title = "{PBL Netherlands Environmental Assessment Agency}",
   note = "Accessed 3 May 2018"
}

@misc{ intareseUrl,
   year = "2018",
   url = "http://www.integrated-assessment.eu/eu/index.html",
   author = "INTARESE",
   title = "{INTARESE population data}",
   note = "Accessed 3 May 2018"
}

@misc{ corineUrl,
   year = "2018",
   url = "https://land.copernicus.eu/pan-european/corine-land-cover",
   author = "Copernicus",
   title = "{CORINE Land Cover datasets}",
   note = "Accessed 20 March 2018"
}

@misc{WHO2014,
    year = "2018",
    url = "https://www.who.int/mediacentre/news/releases/2014/air-pollution/en/",
    author = "World Health Organisation",
    title = "",
    note = "Accessed 1 July 2018"
}

@article{zou2005regularization,
  title={Regularization and variable selection via the elastic net},
  author={Zou, Hui and Hastie, Trevor},
  journal={Journal of the Royal Statistical Society: Series B (Statistical Methodology)},
  volume={67},
  number={2},
  pages={301--320},
  year={2005},
  publisher={Wiley Online Library}
}
@article{lumley2013package,
  title={Package ‘leaps’},
  author={Lumley, Thomas and Lumley, Maintainer Thomas},
  journal={Regression Subset Selection. Thomas Lumley Based on Fortran Code by Alan Miller. Available online: http://CRAN. R-project. org/package= leaps (accessed on 18 March 2018)},
  year={2013}
}
@book{hyndman2007automatic,
  title={Automatic time series for forecasting: the forecast package for R},
  author={Hyndman, Rob J and Khandakar, Yeasmin and others},
  number={6/07},
  year={2007},
  publisher={Monash University, Department of Econometrics and Business Statistics}
}
@article{friedman2010regularization,
  title={Regularization paths for generalized linear models via coordinate descent},
  author={Friedman, Jerome and Hastie, Trevor and Tibshirani, Rob},
  journal={Journal of statistical software},
  volume={33},
  number={1},
  pages={1},
  year={2010},
  publisher={NIH Public Access}
}

@article{Eeftens2011,
  author = "Eeftens, Marloes and Beelen, Rob and Fischer, Paul and Brunekreef, Bert and Meliefste, Kees and Hoek, Gerard", 
  doi = "10.1136/oem.2010.061135",
  hide_issn = "1351-0711",
  journal = "Occupational \& Environmental Medicine",
  number = "10",
  pages = "765--770",
  publisher = "BMJ Publishing Group Ltd",
  title = "{Stability of measured and modelled spatial contrasts in NO$_2$ over time}",
  volume = "68", 
  year = "2011"
}

@article{LU2020105856,
title = {Evaluation of different methods and data sources to optimise modelling of NO2 at a global scale},
journal = {Environment International},
volume = {142},
pages = {105856},
year = {2020},
issn = {0160-4120},
doi = {https://doi.org/10.1016/j.envint.2020.105856},
url = {https://www.sciencedirect.com/science/article/pii/S0160412020318110},
author = {Meng Lu and Oliver Schmitz and Kees {de Hoogh} and Qin Kai and Derek Karssenberg},
 
}

@inproceedings{chen2016xgboost,
  title={Xgboost: A scalable tree boosting system},
  author={Chen, Tianqi and Guestrin, Carlos},
  booktitle={Proceedings of the 22nd acm sigkdd international conference on knowledge discovery and data mining},
  pages={785--794},
  year={2016}
}